@MISC{WEBSITE:invap,
	HOWPUBLISHED = "\url{https://www.invap.com.ar/}",
	AUTHOR = "INVAP",
	TITLE = "INVAP SE",
	MONTH = "5",
	YEAR = "2022",
	URLDATE = {2022-05-01}
}

@MISC{WEBSITE:structure_space_radiation,
	HOWPUBLISHED = "\url{https://spaceradiation.eu/structure-of-space-radiation/}",
	AUTHOR = "spaceradiation.eu",
	TITLE = "Structure of space radiation",
	MONTH = "5",
	YEAR = "2022",
	URLDATE = {2022-05-01}
}

@MISC{WEBSITE:effects_on_devices,
	HOWPUBLISHED = "\url{https://spaceradiation.eu/effects-of-space-radiation-on-electronic-devices/}",
	AUTHOR = "spaceradiation.eu",
	TITLE = "Effects of space radiation on electronic devices",
	MONTH = "5",
	YEAR = "2022",
	URLDATE = {2022-05-01}
}

@MISC{WEBSITE:heavy_ion,
	HOWPUBLISHED = "\url{https://www.ucl.ac.uk/mssl/sites/mssl/files/styles/owl_carousel/public/heavy_ion_latchup_tests_in_louvain_la_neuve.jpg?itok=1dDe-TEo
}",
	AUTHOR = "ucl.ac.eu",
	TITLE = "Heavy ion latchup tests in louvain la neuve",
	MONTH = "5",
	YEAR = "2022",
	URLDATE = {2022-05-01}
}

@MISC{WEBSITE:cortexm,
	HOWPUBLISHED = "\url{https://developer.arm.com/}",
	AUTHOR = "developer.arm.com",
	TITLE = "Cortex M4",
	MONTH = "5",
	YEAR = "2022",
	URLDATE = {2022-05-01}
}

@MISC{WEBSITE:coresight,
	HOWPUBLISHED = "\url{https://community.arm.com/arm-community-blogs/b/architectures-and-processors-blog/posts/how-to-debug-coresight-basics-part-3}",
	AUTHOR = "How to debug: CoreSight basis (Part 3)",
	TITLE = "Cortex M4",
	MONTH = "5",
	YEAR = "2022",
	URLDATE = {2022-05-01}
}

@MISC{WEBSITE:poisson,
	HOWPUBLISHED = "\url{https://r-coder.com/wp-content/uploads/2020/10/poisson-probability-function-r.png}",
	AUTHOR = "r-coder.com",
	TITLE = "Poisson probability function in R",
	MONTH = "5",
	YEAR = "2022",
	URLDATE = {2022-05-01}
}
@ARTICLE{ARTICLE:cibils,
    AUTHOR="Roberto Cibils",
    TITLE="Don't look up. Starlink project: bold venture or economic bubble?",
    JOURNAL="Mission Proyect Workshop 24/25 feb 2022",
    YEAR="2022",
}

@ARTICLE{ARTICLE:velazco,
    AUTHOR="Raoul Velazco",
    TITLE="Inyección de fallos para el análisis de la sensibilidad a los errores transitorios, “soft errors”, provocados por las radiaciones en circuitos integrados",
    JOURNAL="Architectures Robustes of Integrated circuit and systems, Grenoble - France",
    YEAR="2014",
}

@ARTICLE{ARTICLE:dutdatasheet,
    AUTHOR="ATMEL",
    TITLE="Atmel 44003 32 bit Cortex M7 Microcontroller SAMV71",
    JOURNAL="Atmel Smart ARM-based Flash MCU",
    YEAR="2016",
}

@ARTICLE{ARTICLE:dutrad,
    AUTHOR="Microchip",
    TITLE="SAMV71RT Radiation Test Report",
    JOURNAL="Radiation Test Report 4.4",
    YEAR="2019",
}

@ARTICLE{ARTICLE:transition,
    AUTHOR="National Aeronautics and Space Administration",
    TITLE="Human Space Flight Transition Plan",
    JOURNAL="NASA Archive",
    YEAR="2008",
}

@ARTICLE{ARTICLE:negocio,
    AUTHOR="Michael D. Griffin",
    TITLE="NASA and the Business of Space",
    JOURNAL="American Astronautical Society 52 Annual Conference",
    YEAR="2005",
}

@BOOK{BOOK:spaceage,
    AUTHOR="Steven J. Dick",
    TITLE="Remembering the Space Age",
    PUBLISHER="National Aeronautics and Space Administration",
    YEAR="2008",
}

@BOOK{BOOK:resurrect,
    AUTHOR="J. Hickman and E. Dolman",
    TITLE="Resurrecting the Space Age: A State-Centered Commentary on the Outer Space Regime",
    PUBLISHER="National Aeronautics and Space Administration",
    YEAR="2002",
}

@BOOK{BOOK:gdb,
    AUTHOR="Richard Stallman, Roland Pesch, Stand Shebs",
    TITLE="Debugging with GDB: The GNU Source-Level Debugger",
    PUBLISHER="GNU Press",
    YEAR="2002",
}

@BOOK{BOOK:comptom,
    AUTHOR="Héctor Pérez Montiel",
    TITLE="Física general",
    PUBLISHER="Editorial Patria",
    YEAR="2011",
}

@ARTICLE{ARTICLE:1,
    AUTHOR="John Doe",
    TITLE="Title",
    JOURNAL="Journal",
    YEAR="2017",
}

@BOOK{BOOK:1,
    AUTHOR="John Doe",
    TITLE="The Book without Title",
    PUBLISHER="Dummy Publisher",
    YEAR="2100",
}

@INBOOK{BOOK:2,
    AUTHOR="John Doe",
    TITLE="The Book without Title",
    PUBLISHER="Dummy Publisher",
    YEAR="2100",
    PAGES="100-200",
}

@MISC{WEBSITE:pyocd,
	HOWPUBLISHED = "\url{https://github.com/pyocd/pyOCD}",
	AUTHOR = "PyOCD",
	TITLE = "PyOCD",
	MONTH = "05",
	YEAR = "2022",
	URLDATE = {2022-05-15}
}

@MISC{WEBSITE:1,
	HOWPUBLISHED = "\url{http://example.com}",
	AUTHOR = "Intel",
	TITLE = "Example Website",
	MONTH = "12",
	YEAR = "1988",
	URLDATE = {2012-11-26}
}

@MANUAL{dallas:ds18b20,
    organization  = "Dallas Semiconductor",
    title         = "DS18B20 Programmable Resolution 1-Wire Digital Thermometer",
    number        = "050400",
    year          =  2015,
    note          = "Rev. 3"
}

@book{teton2003,
	title={Gu{\'\i}a t{\'e}cnica de la acuariofilia},
	author={Teton, J.},
	isbn={9788489840249},
	series={Gu{\'\i}as t{\'e}cnicas},
	url={https://books.google.com.ar/books?id=6vrjovWkQicC},
	year={2003},
	publisher={Tursen S.A. - H. Blume}
}

@book{IEEE:citation,
	author={IEEE},
	title={IEEE Citation Reference},
	edition={1},
	url={http://www.ieee.org/documents/ieeecitationref.pdf},
	urldate={2016-9-26},
	publisher={IEEE Publications},
	year={2016}
}

@misc{CIAA,
	author = {{Proyecto CIAA}},
	title = {Computadora Industrial Abierta Argentina},
	url = {http://proyecto-ciaa.com.ar/devwiki/doku.php?id=start},
	note = {Visitado el 2016-06-25},
	year = {2014}
}

@MISC{lpcopen,
   author =	{{NXP Semiconductors}},
   title =	{LPCOPEN v2.16 Drivers, Middleware and Examples},
   url =	{http://www.nxp.com/products/microcontrollers-and-processors/arm-processors/lpc-cortex-m-mcus/software-tools/lpcopen-libraries-and-examples:LPC-OPEN-LIBRARIES},
   note =	{Disponible: 2016-06-25},
 }
 
@MISC{contrib,
	author =	{{Savannah}},
	title =	{lwIP - A Lightweight TCP/IP stack},
	url =	{http://git.savannah.gnu.org/cgit/lwip/lwip-contrib.git},
	note =	{Disponible: 2016-06-25},
 }

@MISC{webserver,
	author =	{{Savannah}},
	title =	{lwIP - Wiki - Sample Web Server},
	url =	{ http://lwip.wikia.com/wiki/Sample_Web_Server},
	note =	{Disponible: 2016-06-25}
 } 
 


@MISC{sensor_pH,
   author =	{dfRobot},
   title =	{PH meter(SKU: SEN0161)},
   url =	{http://www.dfrobot.com/wiki/index.php?title=PH_meter(SKU:_SEN0161)},
   note =	{Disponible: 2016-06-25},
}

@misc{rfc2616,
	series =	{Request for Comments},
	number=		2616,
	howpublished=	{RFC 2616},
	publisher =	{RFC Editor},
	doi =		{10.17487/rfc2616},
	url =		{https://rfc-editor.org/rfc/rfc2616.txt},
	author=		{Jeffrey Mogul and Larry M Masinter and Roy T. Fielding and Jim Gettys and Paul J. Leach and Tim Berners-Lee},
	title=		{{Hypertext Transfer Protocol -- HTTP/1.1}},
	pagetotal =	176,
	year =		2013,
	month =		3,
	day =		2,
	abstract =	{HTTP has been in use by the World-Wide Web global information initiative since 1990. This specification defines the protocol referred to as &quot;HTTP/1.1&quot;, and is an update to RFC 2068. [STANDARDS-TRACK]},
}

@misc{rfc3875,
	series =	{Request for Comments},
	number=		3875,
	howpublished=	{RFC 3875},
	publisher =	{RFC Editor},
	doi =		{10.17487/rfc3875},
	url =		{https://rfc-editor.org/rfc/rfc3875.txt},
	author=		{David Robinson},
	title=		{{The Common Gateway Interface (CGI) Version 1.1}},
	pagetotal =	36,
	year =		2013,
	month =		mar,
	day =		20,
	abstract =	{The Common Gateway Interface (CGI) is a simple interface for running external programs, software or gateways under an information server in a platform-independent manner. Currently, the supported information servers are HTTP servers.},
}

@misc{rfc7540,
	series =	{Request for Comments},
	number=		7540,
	howpublished=	{RFC 7540},
	publisher =	{RFC Editor},
	doi =		{10.17487/rfc7540},
	url =		{https://rfc-editor.org/rfc/rfc7540.txt},
	author=		{Mike Belshe and Roberto Peon and Martin Thomson},
	title=		{{Hypertext Transfer Protocol Version 2 (HTTP/2)}},
	pagetotal =	96,
	year =		2015,
	month =		nov,
	day =		18,
	abstract =	{This specification describes an optimized expression of the semantics of the Hypertext Transfer Protocol (HTTP), referred to as HTTP version 2 (HTTP/2). HTTP/2 enables a more efficient use of network resources and a reduced perception of latency by introducing header field compression and allowing multiple concurrent exchanges on the same connection. It also introduces unsolicited push of representations from servers to clients.},
}
